<?xml version="1.0" encoding="UTF-8"?>
<record>
  <leader>01120naa#a2200313#c#4500</leader>
  <controlfield tag="005">20210409170727.0</controlfield>
  <controlfield tag="007">tu</controlfield>
  <controlfield tag="008">201109|2018####gw ###########|||#|#ger#c</controlfield>
  <controlfield tag="003">DE-605</controlfield>
  <controlfield tag="001">990368319120206441</controlfield>
  <datafield tag="035" ind1=" " ind2=" ">
    <subfield code="a">(DE-605)HT020638493</subfield>
  </datafield>
  <datafield tag="040" ind1=" " ind2=" ">
    <subfield code="c">DE-605</subfield>
    <subfield code="a">6</subfield>
    <subfield code="b">ger</subfield>
    <subfield code="e">rda</subfield>
    <subfield code="d">DE-605</subfield>
  </datafield>
  <datafield tag="041" ind1=" " ind2=" ">
    <subfield code="a">ger</subfield>
  </datafield>
  <datafield tag="044" ind1=" " ind2=" ">
    <subfield code="c">XA-DE</subfield>
  </datafield>
  <datafield tag="084" ind1=" " ind2=" ">
    <subfield code="a">Bad Lippspringe</subfield>
    <subfield code="0">https://nwbib.de/spatial#Q183307</subfield>
    <subfield code="2">nwbib</subfield>
  </datafield>
  <datafield tag="084" ind1=" " ind2=" ">
    <subfield code="a">Landesgartenschau</subfield>
    <subfield code="0">https://nwbib.de/subjects#N586080</subfield>
    <subfield code="2">nwbib</subfield>
  </datafield>
  <datafield tag="100" ind1="1" ind2=" ">
    <subfield code="a">Creuzmann, Norika</subfield>
    <subfield code="4">aut</subfield>
  </datafield>
  <datafield tag="245" ind1="1" ind2="0">
    <subfield code="a">Überflüssige Blümchenschau oder doch ein grünes Projekt?</subfield>
    <subfield code="b">Landesgartenschau in Bad Lippspringe</subfield>
    <subfield code="c">Norika Creuzmann</subfield>
  </datafield>
  <datafield tag="264" ind1=" " ind2="1">
    <subfield code="c">2018</subfield>
  </datafield>
  <datafield tag="336" ind1=" " ind2=" ">
    <subfield code="b">txt</subfield>
  </datafield>
  <datafield tag="337" ind1=" " ind2=" ">
    <subfield code="b">n</subfield>
  </datafield>
  <datafield tag="338" ind1=" " ind2=" ">
    <subfield code="b">nc</subfield>
  </datafield>
  <datafield tag="689" ind1="0" ind2="0">
    <subfield code="a">Landesgartenschau</subfield>
    <subfield code="g">Nordrhein-Westfalen</subfield>
    <subfield code="d">2017</subfield>
    <subfield code="c">Bad Lippspringe</subfield>
    <subfield code="D">f</subfield>
    <subfield code="0">(DE-588)104466410X</subfield>
  </datafield>
  <datafield tag="035" ind1=" " ind2=" ">
    <subfield code="a">(DE-599)HBZHT020638493</subfield>
  </datafield>
  <datafield tag="960" ind1="1" ind2=" ">
    <subfield code="n">NWBib-6</subfield>
  </datafield>
  <datafield tag="964" ind1="0" ind2="s">
    <subfield code="F">030</subfield>
    <subfield code="A">a|zur||||||17</subfield>
  </datafield>
  <datafield tag="964" ind1="0" ind2="s">
    <subfield code="F">050</subfield>
    <subfield code="A">a|a|||||||||||</subfield>
  </datafield>
  <datafield tag="964" ind1="0" ind2="s">
    <subfield code="F">051</subfield>
    <subfield code="A">at||||||</subfield>
  </datafield>
  <datafield tag="773" ind1="0" ind2="8">
    <subfield code="i">Enthalten in</subfield>
    <subfield code="t">Alternative Kommunal Politik</subfield>
    <subfield code="d">Bielefeld, Juli/August 2018</subfield>
    <subfield code="g">39. Jahrgang, Ausgabe 4 (Juli/August 2018)</subfield>
    <subfield code="w">(DE-600)1097775-2</subfield>
  </datafield>
  <datafield tag="MBD" ind1=" " ind2=" ">
    <subfield code="M">49HBZ_NETWORK</subfield>
    <subfield code="i">990368319120206441</subfield>
    <subfield code="n">HBZ Network</subfield>
  </datafield>
  <datafield tag="MNG" ind1=" " ind2=" ">
    <subfield code="c">System</subfield>
    <subfield code="f">OTHER</subfield>
    <subfield code="i">marc21</subfield>
    <subfield code="k">01</subfield>
    <subfield code="e">false</subfield>
    <subfield code="d">2023-04-24 22:49:44 Europe/Berlin</subfield>
    <subfield code="g">036831912-HBZ01</subfield>
    <subfield code="j">60</subfield>
    <subfield code="a">import</subfield>
    <subfield code="b">2021-04-06 01:44:01 Europe/Berlin</subfield>
  </datafield>
</record>
